@book{Goodfellow-et-al-2016,
    title={Deep Learning},
    author={Ian Goodfellow and Yoshua Bengio and Aaron Courville},
    publisher={MIT Press},
    note={\url{http://www.deeplearningbook.org}},
    year={2016}
}

@misc{Petersen2012,
  title     = {The Matrix Cookbook},
  author    = {Kaare Brandt Petersen and Michael Syskind Pedersen},
  year      = {November 2021},
  note      = {\url{https://www.math.uwaterloo.ca/~hwolkowi/matrixcookbook.pdf}},
}

@misc{ng2023cs229,
  title={{CS229 Lecture Notes}},
  author={Andrew Ng and Tengyu Ma},
  year={June 11, 2023},
  note ={\url{https://cs229.stanford.edu/main_notes.pdf}}
}

@book{ross2014first,
  title={A First Course in Probability},
  author={Ross, Sheldon M.},
  edition={9th},
  year={2014},
  publisher={Pearson},
  address={Boston},
  isbn={9780321794772}
}

@misc{HarshitGoyal,
  author       = {Harshit0143},
  title        = {{COL774 Fall 2023-2024}},
  year         = {2023},
  howpublished = {\url{https://github.com/Harshit0143/Machine-Learning-Assignments}}
}


